<record><leader>00000cas a22000007a 4500</leader><controlfield tag="001">9328791</controlfield><controlfield tag="008">830321d18701898mauwr ne      0    0eng d</controlfield><controlfield tag="009">3768</controlfield><datafield ind1=" " ind2=" " tag="010"><subfield code="a">sn 83020327 </subfield><subfield code="z">sn 86071598 </subfield></datafield><datafield ind1=" " ind2=" " tag="040"><subfield code="a">NPX</subfield><subfield code="b">eng</subfield><subfield code="c">NPX</subfield><subfield code="d">NPU</subfield><subfield code="d">DLC</subfield><subfield code="d">MGN</subfield><subfield code="d">MQN</subfield><subfield code="d">MGN</subfield><subfield code="d">OCL</subfield><subfield code="d">DLC</subfield><subfield code="d">OCLCF</subfield></datafield><datafield ind1=" " ind2=" " tag="019"><subfield code="a">13725950</subfield></datafield><datafield ind1="1" ind2=" " tag="029"><subfield code="a">AU@</subfield><subfield code="b">000025790588</subfield></datafield><datafield ind1=" " ind2=" " tag="042"><subfield code="a">msc</subfield></datafield><datafield ind1=" " ind2=" " tag="043"><subfield code="a">n-us-ma</subfield></datafield><datafield ind1="0" ind2="0" tag="050"><subfield code="a">Newspaper</subfield></datafield><datafield ind1="0" ind2="0" tag="245"><subfield code="a">Norfolk County gazette.</subfield></datafield><datafield ind1="1" ind2="3" tag="246"><subfield code="a">Dedham gazette and Hyde Park journal</subfield></datafield><datafield ind1=" " ind2=" " tag="260"><subfield code="a">Dedham [Mass.] :</subfield><subfield code="b">Hildreth &amp; Getchell,</subfield><subfield code="c">1870-1898.</subfield></datafield><datafield ind1=" " ind2=" " tag="300"><subfield code="a">v.</subfield></datafield><datafield ind1=" " ind2=" " tag="310"><subfield code="a">Weekly</subfield></datafield><datafield ind1="0" ind2=" " tag="362"><subfield code="a">Vol. 1, no. 1 (Feb. 26, 1870)-v. 83, no. 53 (Dec. 31, 1898).</subfield></datafield><datafield ind1=" " ind2=" " tag="500"><subfield code="a">Published simultaneously at Hyde Park [Mass.], 1870-1898.</subfield></datafield><datafield ind1=" " ind2=" " tag="515"><subfield code="a">Vol. 83, no. 53 (Dec. 31, 1898) called also new ser., v. 29, no. 53.</subfield></datafield><datafield ind1=" " ind2="0" tag="651"><subfield code="a">Dedham (Mass.)</subfield><subfield code="v">Newspapers.</subfield></datafield><datafield ind1=" " ind2="7" tag="655"><subfield code="a">Newspapers.</subfield><subfield code="2">fast</subfield><subfield code="0">(OCoLC)fst01423814</subfield></datafield><datafield ind1=" " ind2="7" tag="651"><subfield code="a">Massachusetts</subfield><subfield code="z">Dedham.</subfield><subfield code="2">fast</subfield><subfield code="0">(OCoLC)fst01209955</subfield></datafield><datafield ind1=" " ind2=" " tag="752"><subfield code="a">United States</subfield><subfield code="b">Massachusetts</subfield><subfield code="c">Norfolk</subfield><subfield code="d">Dedham.</subfield></datafield><datafield ind1=" " ind2=" " tag="752"><subfield code="a">United States</subfield><subfield code="b">Massachusetts</subfield><subfield code="c">Suffolk</subfield><subfield code="d">Boston.</subfield></datafield><datafield ind1="0" ind2="4" tag="780"><subfield code="t">Dedham gazette (Dedham, Mass. : 1850)</subfield><subfield code="w">(DLC)sn 83020322</subfield><subfield code="w">(OCoLC)9321575</subfield></datafield><datafield ind1="0" ind2="4" tag="780"><subfield code="t">Hyde Park journal</subfield></datafield><datafield ind1="0" ind2="0" tag="785"><subfield code="t">Hyde Park gazette</subfield><subfield code="w">(DLC)sn 89062075</subfield><subfield code="w">(OCoLC)19877426</subfield></datafield></record>